@book{WR87,
    author    = "Walter Rudin",
    title     = "Real and Complex Analysis",
    publisher = "McGraw-Hill",
    edition  = "3rd",
    year      = "1987"
}

@book{SBLV18,
    author    = "Stephen Boyd and Lieven Vandenberghe",
    title     = "Introduction to Applied Linear Algebra–Vectors, Matrices, and Least Squares",
    publisher = "Cambridge University Press",
    edition  = "1st",
    year      = "2018"
}

@book{GASMK08,
    author    = "Grégoire Allaire and Sidi Mahmoud Kaber",
    title     = "Numerical Linear Algebra (Texts in Applied Mathematics, 55)",
    publisher = "Springer",
    edition  = "1st",
    year      = "2008"
}

@booklet{HPG22,
  title        = "The Levenberg-Marquardt algorithm for nonlinear least squares curve-fitting problems",
  author       = "Henri P. Gavin", 
  howpublished = "Department of Civil and Environmental Engineering Duke University",
  month        = nov,
  year         = 2022
}

@mastersthesis{PC07,
  author  = "Paulo Jorge Silva Cruz",
  title   = "Optimização de Forma de Estruturas Metálicas em Regime Elástico",
  school  = "Universidade de Aveiro",
  year    = 2007
}

@book{JNSW06,
    author    = "Jorge Nocedal and Stephen J. Wright",
    title     = "Numerical Optimization",
    publisher = "Springer",
    edition  = "2nd",
    year      = "2006"
}

@article{DM63,
 author = {Donald W. Marquardt},
 title = {An Algorithm for Least-Squares Estimation of Nonlinear Parameters},
 journal = {Journal of the Society for Industrial and Applied Mathematics},
 year = {1963},
 volume = {11},
 number = {2}
}

@article{LCYM23,
 author = {Liang Chen and Yanfang Ma},
 title = {A New Modified Levenberg–Marquardt Method for Systems of Nonlinear Equations},
 journal = {Journal of Mathematics},
 year = {2023},
 volume = {2023}
}

@book{MGDMES11,
    author    = "Manfred Gilli and Dietmar Maringer and Enrico Schumann",
    title     = "Numerical Methods and Optimization in Finance",
    publisher = "Elsevier",
    edition  = "1st",
    year      = 2011
}

@article{WK23,
 author = {Will Kenton},
 title = {Euler's Number (e) Explained, and How It Is Used in Finance},
 journal = {Investopedia},
 year = {2023},
 volume = {2023}
}

@article{IY07,
 author = {Igor Yanovsky},
 title = {QR Decomposition with Gram-Schmidt},
 journal = {UCLA Mathematics - Applied Numerical Methods II},
 year = {2007},
 volume = {Math 151B}
}

@article{XHHCBJ23,
 author = {Xinyi Huang and Hao Cao and Bingjing Jia},
 title = {Optimization of Levenberg Marquardt Algorithm Applied to Nonlinear Systems},
 journal = {Processes},
 year = {2023},
 volume = {2023}
}

@article{GZDAJC20,
 author = {Guanglu Zhang and Douglas Allaire and Jonathan Cagan},
 title = {Taking the Guess Work Out of the Initial Guess: A Solution Interval Method for Least-Squares Parameter Estimation in Nonlinear Models},
 journal = {Journal of Computing and Information Science in Engineering},
 year = {2020},
 volume = {Apr 2021}
}

@article{MCYZBXXG17,
 author = {Miao Cui and Yi Zhao and Bingbing Xu and Xiao-wei Gao},
 title = {A new approach for determining damping factors in Levenberg-Marquardt algorithm for solving an inverse heat conduction problem},
 journal = {International Journal of Heat and Mass Transfer},
 year = {2017},
 volume = {107}
}

@article{BAC00,
 author = {Barry A. Cipra},
 title = {The Best of the 20th Century: Editors Name Top 10 Algorithms},
 journal = {SIAM News},
 year = {2000},
 volume = {33}
}

@misc{Bang,
  title        = "Exponential Growth Regression of Bangladesh’s Gross National Income from 2000-2020",
  author       = "Mohammad Jayed Talukder",
  howpublished = "\url{https://rpubs.com/Mohammad_T/849101}",
  year         = 2021,
  note         = "Accessed: 2024-01-06"
}