@book{HP10,
    author    = "Heitor Pina",
    title     = "Métodos Numéricos",
    publisher = "Escolar Editora",
    edition  = "2.ª",
    year      = "2010",
}
@book{KA03,
    author    = "Kendall Atkinson",
    title     = "An Introduction to Numerical Analysis",
    publisher = "Wiley",
    edition  = "2nd",
    year      = "2003",
}